%%%% My attempt at a bibliography %%%%%
@inproceedings{Mairiza2010,
author = {Mairiza, Dewi and Zowghi, Didar and Nurmuliani, Nur},
year = {2010},
month = {03},
pages = {311-317},
title = {An investigation into the notion of non-functional requirements},
journal = {Proceedings of the ACM Symposium on Applied Computing},
doi = {10.1145/1774088.1774153}
}

@misc{Consort14,
  title={The DSDM Agile Project Framework, Chapter 10: MoSCoW Prioritisation},
  author={{Agile Business Consortium}},
  year={2014},
  url={https://www.agilebusiness.org/dsdm-project-framework/moscow-prioririsation.html},
  note={Accessed on: 28/02/2024}
}


@misc{IBM3Tier, 
    title={What is three-tier architecture?}, 
    author={{IBM}}, 
    year={n.d.},
    url={https://www.ibm.com/topics/three-tier-architecture}, 
    note={Accessed on: 24/02/2024}
} 

@misc{Fowler2015, 
    title={Presentation domain data layering}, 
    author={Fowler, Martin}, 
    year={2015},
    url={https://martinfowler.com/bliki/PresentationDomainDataLayering.html}, 
    note={Accessed on: 24/02/2024}
} 

@misc{Postman2023,
    title={2023 State of the API Report: API technologies},
    author={{Postman}},
    year={2023},
    url={https://www.postman.com/state-of-api/api-technologies/#api-technologies}, 
    note={Accessed on: 24/02/2024}
}

@misc{AWS,
    title={What is the Difference Between SOAP and REST?},
    author={{AWS}},
    year={n.d.},
    url={https://aws.amazon.com/compare/the-difference-between-soap-rest/},
    note={Accessed on: 24/02/2024}
} 

@misc{PostmanBlog2023, 
    title={What is a rest api? examples, uses & challenges}, 
    author={{The Postman Team}}, 
    year={2023},
    url={https://blog.postman.com/rest-api-examples/}, 
    note={Accessed on: 24/02/2024}
} 

@misc{Wagner(Swagger), 
    title={Understanding the API-First Approach to Building Products},
    author={Wagner, Janet},
    year={n.d.},
    url={https://swagger.io/resources/articles/adopting-an-api-first-approach/},
    note={Accessed on: 24/02/2024}
} 

@misc{PostmanAPIFirst,
    title={Guide to API-first},
    author={Postman},
    year={n.d.},
    url={https://www.postman.com/api-first/#:~:text=API%2Dfirst%2C%20also%20called%20the,of%20treating%20them%20as%20afterthoughts.},
    note={Accessed on: 24/02/2024}
} 

%%%%%%%%%%%%%%%%%%%%%%%%%%%%%%%%%%%%%%%%%%%%%%%%%%%%%%%%%%%%%%%%%%%%%%%%%%%%%%%
Introduction
%%%%%%%%%%%%%%%%%%%%%%%%%%%%%%%%%%%%%%%%%%%%%%%%%%%%%%%%%%%%%%%%%%%%%%%%%%%%%%%
@ARTICLE{Verner2005,
  author={Verner, J.M. and Evanco, W.M.},
  journal={IEEE Software}, 
  title={In-house software development: what project management practices lead to success?}, 
  year={2005},
  volume={22},
  number={1},
  pages={86-93},
  keywords={Programming;Project management;Risk management;Software development management;Software engineering;Costs;Scheduling;Engineering management;Communications technology;Australia;project success;software project management;software development risk;postmortem review},
  doi={10.1109/MS.2005.12}
}


@misc{Knaster2023, 
    title={15th state of Agile Report: Blog}, 
    author={Knaster, Richard}, 
    year={2023}, 
    url={https://digital.ai/catalyst-blog/15th-state-of-agile-report-agile-leads-the-way-through-the-pandemic-and-digital/}, 
    note={Accessed on: 26/02/2024}
} 

@misc{Barrero2021,
    title = "Why Working from Home Will Stick",
    author = "Barrero, Jose Maria and Bloom, Nicholas and Davis, Steven J",
    institution = "National Bureau of Economic Research",
    type = "Working Paper",
    series = "Working Paper Series",
    number = "28731",
    year = "2021",
    month = "April",
    doi = {10.3386/w28731},
    URL = "http://www.nber.org/papers/w28731",
}

@misc{Kent2001,
    title={Principles behind the Agile Manifesto},
    author={Beck, Kent and Beedle, Mike and van Bennekum, Arie and Cockburn, Alistair and Cunningham, Ward and Fowler, Martin and Grenning, James and Highsmith, Jim and Hunt, Andrew and Jeffries, Ron and Kern, Jon and Marick, Brian and C. Martin, Robert and Mellor, Steve and Sutherland, Jeff and Thomas, Dave}, 
    year={2001}, 
    url={https://agilemanifesto.org/principles.html},
    note={Accessed on: 24/02/2024}
} 

@misc{Ramírez2022, 
    title={How COVID-19 pandemic affects software developers’ wellbeing, and the necessity to strengthen soft skills}, 
    url={https://www.ncbi.nlm.nih.gov/pmc/articles/PMC9767855/}, 
    journal={Programming and Computer Software}, 
    publisher={Pleiades Publishing}, 
    author={Juárez-Ramírez, Reyes and Navarro, Christian X. and Licea, Guillermo and Jiménez, Samantha and Tapia-Ibarra, Verónica and Guerra-García, César and Perez-Gonzalez, Hector G.}, 
    year={2022}
}

@inproceedings{Stray2022,
author = {Stray, Viktoria and Gundelsby, Jan Henrik and Ulfsnes, Rasmus and Brede Moe, Nils},
title = {How agile teams make Objectives and Key Results (OKRs) work},
year = {2022},
isbn = {9781450396745},
publisher = {Association for Computing Machinery},
address = {New York, NY, USA},
url = {https://doi.org/10.1145/3529320.3529332},
doi = {10.1145/3529320.3529332},
booktitle = {Proceedings of the International Conference on Software and System Processes and International Conference on Global Software Engineering},
pages = {104–109},
numpages = {6},
}
%%%%%%%%%%%%%%%%%%%%%%%%%%%%%%%%%%%%%%%%%%%%%%%%%%%%%%%%%%%%%%%%%%%%%%%%%%%%%%%
Background section
%%%%%%%%%%%%%%%%%%%%%%%%%%%%%%%%%%%%%%%%%%%%%%%%%%%%%%%%%%%%%%%%%%%%%%%%%%%%%%%

@misc{JiraUsers,
    title={Jira Software for teams},
    author={Jira},
    year={n.d.},
    url={https://www.atlassian.com/software/jira/guides/getting-started/who-uses-jira#:~:text=Jira%20Software%20launched%20in%202002,thousands%20of%20apps%20and%20integrations.},
    note={Accessed on: 29/02/2024}
} 

@misc{JiraReports,
    title={Reporting in Jira Software},
    author={Jira},
    year={n.d.},
    url={https://www.atlassian.com/software/jira/features/reports},
    note={Accessed on: 29/02/2024}
}

@misc{JiraDevOps,
    title={Open DevOps: Keep your tools, ditch the setup},
    author={Jira},
    year={n.d.},
    url={https://www.atlassian.com/solutions/devops},
    note={Accessed on: 29/02/2024}
}

@misc{JiraProblemsFeatures,
    title={5 reasons why people say they hate using Jira},
    author={Hryb, Dzmitry},
    year={2019},
    url={https://deviniti.com/blog/enterprise-software/why-hate-jira/},
    note={Accessed on: 29/02/2024}
}

@misc{JiraProblemsFlexible,
    title={Why Developers Hate Jira — and What Atlassian Is Doing About It},
    author={Weinberger, Matt},
    year={2023},
    url={https://thenewstack.io/why-developers-hate-jira-and-what-atlassian-is-doing-about-it/},
    note={Accessed on: 29/02/2024}
}

@misc{TrelloPricing,
    title={Trello your way: Compare our plans},
    author={Trello},
    year={n.d.},
    url={hhttps://trello.com/pricing},
    note={Accessed on: 29/02/2024}
}

@article{Schon2017,
title = {Agile Requirements Engineering: A systematic literature review},
journal = {Computer Standards & Interfaces},
volume = {49},
pages = {79-91},
year = {2017},
issn = {0920-5489},
doi = {https://doi.org/10.1016/j.csi.2016.08.011},
url = {https://www.sciencedirect.com/science/article/pii/S0920548916300708},
author = {Eva-Maria Schön and Jörg Thomaschewski and María José Escalona},
}

@article{Coelho2012,
author = {Coelho, Evita and Basu, Anirban},
year = {2012},
month = {09},
title = {Effort Estimation in Agile Software Development using Story Points},
volume = {3},
journal = {International Journal of Applied Information Systems},
doi = {10.5120/ijais12-450574}
}

@article{Ahmad2018,
title = {Kanban in software engineering: A systematic mapping study},
journal = {Journal of Systems and Software},
volume = {137},
pages = {96-113},
year = {2018},
issn = {0164-1212},
doi = {https://doi.org/10.1016/j.jss.2017.11.045},
url = {https://www.sciencedirect.com/science/article/pii/S0164121217302820},
author = {Ahmad, Muhammad Ovais and Dennehy, Denis and Conboy, Kieran and Oivo, Markku},
}

@inproceedings{Gregory2020,
author = {Gregory, Peggy and Barroca, Leonor and Sharp, Helen and Taylor, Katie and Strode, Diane},
year = {2020},
month = {05},
title = {STAKEHOLDER PERCEPTIONS OF IT BUSINESS VALUE IN A PUBLIC SECTOR IT DIGITALISATION PROJECT},
url = {https://aisel.aisnet.org/ecis2020\%5frp/32/},
}

@article{Wigfield2000,
title = {Expectancy–Value Theory of Achievement Motivation},
journal = {Contemporary Educational Psychology},
volume = {25},
number = {1},
pages = {68-81},
year = {2000},
issn = {0361-476X},
doi = {https://doi.org/10.1006/ceps.1999.1015},
url = {https://www.sciencedirect.com/science/article/pii/S0361476X99910159},
author = {Wigfield, Allan and Eccles, Jacquelynne S. },
}

@article{BHOWMIK2019,
title = {Refinement and resolution of just-in-time requirements in open source software and a closer look into non-functional requirements},
journal = {Journal of Industrial Information Integration},
volume = {14},
pages = {24-33},
year = {2019},
issn = {2452-414X},
doi = {https://doi.org/10.1016/j.jii.2018.03.001},
url = {https://www.sciencedirect.com/science/article/pii/S2452414X17300985},
author = {Bhowmik, Tanmay and Do, Anh Quoc },
}

@misc{RadiganKanban,
    title={Kanban: Structuring your Kanban flow},
    author={Radigan, Dan},
    year={n.d.},
    url={https://www.atlassian.com/agile/kanban},
    note={Accessed on: 21/03/2024}
}

@misc{StateOfAgile16,
    title={State of the Agile Report},
    author={{Digital.ai}},
    year={2022},
    url={https://info.digital.ai/rs/981-LQX-968/images/AR-SA-2022-16th-Annual-State-Of-Agile-Report.pdf},
    note={Accessed on: 21/03/2024}
}
%%%%%%%%%%%%%%%%%%%%%%%%%%%%%%%%%%%%%%%%%%%%%%%%%%%%%%%%%%%%%%%%%%%%%%%%%%%%%%%
Requirements section
%%%%%%%%%%%%%%%%%%%%%%%%%%%%%%%%%%%%%%%%%%%%%%%%%%%%%%%%%%%%%%%%%%%%%%%%%%%%%%%
@misc{Cohn,
    title={User Story Template: What It Is And Why It Works So Well},
    author={Cohn, Mike}, 
    year={2023}, 
    url={https://www.mountaingoatsoftware.com/blog/why-the-three-part-user-story-template-works-so-well},
    note={Accessed on: 21/03/2024}
} 

@article{Evans2005,
  title={The role of user scenarios as the central piece of the development jigsaw puzzle},
  author={Evans, Diane and Taylor, Josie},
  journal={Mobile learning anytime everywhere},
  volume={63},
  pages = {63-66},
  year={2005},
  url = {https://d1wqtxts1xzle7.cloudfront.net/106732817/MLEARN_202004_20book_20of_20conference_20papers-libre.pdf?1697664000=&response-content-disposition=inline%3B+filename%3DMobile_lessons_concept_and_applications.pdf&Expires=1711046296&Signature=V~NUNuG399Ha8ErAiGS2ai8Q6jQc24bL4xEFnog-BXGWhC7R1glc8n5tqbub6OTxyrAXY2DN5NSMjFqlkAWxCfl6BipolWtP4mNb4n04-xWKDJaHgAyDMYsDrXQye5yXLlsmf-TdPtlsfztCL~dSu526zPQaaSEbFGoN4otibOYxv48zJV-xRy-bSxzS3ODBjgbIAlWO3XnllFtMrigYWWiMkVF7mpPGqoU3DvsgFOQ6q~l18k9cXpz-OnK4O3VxUdTa1per7cUUnW6SXEwYOyviIHQaW7Z0ZG~9TiqGePDkbbN~tUKSaNUSppF~KcjHi04JBa7N8WZQIcKwuw2azg__&Key-Pair-Id=APKAJLOHF5GGSLRBV4ZA#page=72},
}

%%%%%%%%%%%%%%%%%%%%%%%%%%%%%%%%%%%%%%%%%%%%%%%%%%%%%%%%%%%%%%%%%%%%%%%%%%%%%%%
Implementation citations
%%%%%%%%%%%%%%%%%%%%%%%%%%%%%%%%%%%%%%%%%%%%%%%%%%%%%%%%%%%%%%%%%%%%%%%%%%%%%%%
@misc{Kent2001(manifesto),
    title={Manifesto for Agile Software Development},
    author={Beck, Kent and Beedle, Mike and van Bennekum, Arie and Cockburn, Alistair and Cunningham, Ward and Fowler, Martin and Grenning, James and Highsmith, Jim and Hunt, Andrew and Jeffries, Ron and Kern, Jon and Marick, Brian and C. Martin, Robert and Mellor, Steve and Sutherland, Jeff and Thomas, Dave}, 
    year={2001}, 
    url={https://agilemanifesto.org/},
    note={Accessed on: 18/03/2024}
} 

@article{Kernignhan1974,
author = {Kernighan, Brian W. and Plauger, P. J.},
title = {Programming Style: Examples and Counterexamples},
year = {1974},
issue_date = {Dec. 1974},
publisher = {Association for Computing Machinery},
address = {New York, NY, USA},
volume = {6},
number = {4},
issn = {0360-0300},
url = {https://doi.org/10.1145/356635.356641},
doi = {10.1145/356635.356641},
journal = {ACM Comput. Surv.},
month = {dec},
pages = {303–319},
numpages = {17}
}

@INPROCEEDINGS{Buglione2013,
  author={Buglione, Luigi and Abran, Alain},
  booktitle={2013 Joint Conference of the 23rd International Workshop on Software Measurement and the 8th International Conference on Software Process and Product Measurement}, 
  title={Improving the User Story Agile Technique Using the INVEST Criteria}, 
  year={2013},
  volume={},
  number={},
  pages={49-53},
  keywords={Software;Size measurement;Estimation;Software measurement;Context;ISO standards;Information technology;Estimation;Requirements;INVEST;Agile;User Story;Story Points},
  doi={10.1109/IWSM-Mensura.2013.18}}



@inproceedings{Silva2017,
author = {Silva, Ana and Ara\'{u}jo, Thalles and Nunes, Jo\~{a}o and Perkusich, Mirko and Dilorenzo, Ednaldo and Almeida, Hyggo and Perkusich, Angelo},
title = {A systematic review on the use of Definition of Done on agile software development projects},
year = {2017},
isbn = {9781450348041},
publisher = {Association for Computing Machinery},
address = {New York, NY, USA},
url = {https://doi.org/10.1145/3084226.3084262},
doi = {10.1145/3084226.3084262},
booktitle = {Proceedings of the 21st International Conference on Evaluation and Assessment in Software Engineering},
pages = {364–373},
numpages = {10},
keywords = {Systematic Literature Review, Definition of Done, Agile Software Development},
location = {Karlskrona, Sweden},
series = {EASE '17}
}

@misc{ReactDnD,
    title={react-beautiful-dnd},
    author={Reardon, Alex},
    year={2022},
    url={https://www.npmjs.com/package/react-beautiful-dnd},
    note={Accessed on: 14/03/2024}
}

%%%%%%%%%%%%%%%%%%%%%%%%%%%%%%%%%%%%%%%%%%%%%%%%%%%%%%%%%%%%%%%%%%%%%%%%%%%%%%%
Evaluation citations
%%%%%%%%%%%%%%%%%%%%%%%%%%%%%%%%%%%%%%%%%%%%%%%%%%%%%%%%%%%%%%%%%%%%%%%%%%%%%%%
@misc{LighthouseOverview,
    title={Lighthouse Docs: Overview},
    author={{Chrome for developers}},
    year={2016},
    url={https://developer.chrome.com/docs/lighthouse/overview},
    note={Accessed on: 14/03/2024}
}

@misc{LighthouseColourCoding,
    title={Lighthouse Performance scoring: How scores are colour coded},
    author={{Chrome for developers}},
    year={2019},
    url={https://developer.chrome.com/docs/lighthouse/performance/performance-scoring#color-coding},
    note={Accessed on: 14/03/2024}
}

@misc{WCAGContrastGuidelines,
    title={Understanding SC 1.4.3: Contrast (Minimum) (Level AA)},
    author={{Accessibility Guidelines Working Group Participants}},
    year={2023},
    url={https://www.w3.org/WAI/WCAG21/Understanding/contrast-minimum},
    note={Accessed on: 16/03/2024}
}

@misc{ReactTestingLibrary,
    title={React Testing Library},
    author={Moreno, Sergio},
    year={2022},
    url={https://testing-library.com/docs/react-testing-library/intro/},
    note={Accessed on: 16/03/2024}
}

@misc{NeilsenHeuristics,
    title={Enhancing the Explanatory Power of Usability Heuristics},
    author={Nielsen, Jakob},
    year={1994},
    url={https://static.aminer.org/pdf/PDF/000/089/679/enhancing_the_explanatory_power_of_usability_heuristics.pdf},
    note={Accessed on: 17/03/2024}
}

%%%%%%%%%%%%%%%%%%%%%%%%%%%%%%%%%%%%%%%%%%%%%%%%%%%%%%%%%%%%%%%%%%%%%%%%%%%%%%%
Conclusion citations
%%%%%%%%%%%%%%%%%%%%%%%%%%%%%%%%%%%%%%%%%%%%%%%%%%%%%%%%%%%%%%%%%%%%%%%%%%%%%%%
@misc{OpenAPISpec,
    title={OpenAPI Specification},
    author={{Swagger}},
    year={2021},
    url={https://swagger.io/specification/},
    note={Accessed on: 21/03/2024}
}

@misc{SpectralOWASP,
    title={Spectral OWASP API Security Ruleset},
    author={Sturgeon, Phil},
    year={2022},
    url={https://blog.stoplight.io/spectral-owasp-api-security-ruleset},
    note={Accessed on: 21/03/2024}
}

@misc{SpectralLinting,
    title={Spectral},
    author={{Smartbear}},
    year={n.d.},
    url={https://stoplight.io/open-source/spectral},
    note={Accessed on: 21/03/2024}
}